@article{bai2023qwentech,
  author  = {Bai, J. and Bai, S. and Chu, Y. and Cui, Z. and Dang, K. and Deng},
  title   = {{QWEN Technical Report}},
  journal = {arXiv preprint arXiv:2309.16609v1},
  year    = {2023},
  url     = {https://arxiv.org/abs/2309.16609}
}

@article{ahn2024mathreasoning,
  author  = {Ahn, J. and Verma, R. and Lou, R. and Liu, D. and Zhang, R. and Yin, W.},
  title   = {{Large Language Models for Mathematical Reasoning: Progresses and Challenges}},
  journal = {arXiv preprint arXiv:2402.00157v4},
  year    = {2024},
  url     = {https://arxiv.org/abs/2402.00157}
}

@article{hu2021lora,
  author  = {Hu, E. and Li, Y. and Shen, Y. and Wang, S. and Wallis, P. and Wang, L. and Allen-Zhu, Z. and Chen, W.},
  title   = {{LoRA: Low-Rank Adaptation of Large Language Models}},
  journal = {arXiv preprint arXiv:2106.09685v2},
  year    = {2021},
  url     = {https://arxiv.org/abs/2106.09685}
}

@article{li2024mugglemath1,
  author  = {Li, C. and Yuan, Z. and Yuan, H. and Dong, G. and Lu, K. and Wu, J. and Tan, C. and Wang, X. and Zhou, C.},
  title   = {{MuggleMath: Assessing the Impact of Query and Response Augmentation on Math Reasoning}},
  journal = {arXiv preprint arXiv:2310.05506v3},
  year    = {2024},
  url     = {https://arxiv.org/abs/2310.05506}
}

@article{trad2024ensemble,
  author  = {Trad, F. and Chehab, A.},
  title   = {{To Ensemble or Not: Assessing Majority Voting Strategies for Phishing Detection with Large Language Models}},
  journal = {arXiv preprint arXiv:2412.00166v1},
  year    = {2024},
  url     = {https://arxiv.org/abs/2412.00166}
}

@misc{openai2024gpt4,
  author = {{OpenAI}},
  title  = {{Hello GPT-4 Turbo}},
  year   = {2024},
  note   = {Accessed: 15-Dec-2024},
  url    = {https://openai.com/index/hello-gpt-4o/}
}

@article{yuan2023scaling,
  author  = {Yuan, Z. and Yuan, H. and Li, C. and Dong, G. and Lu, K. and Tan, C. and Zhou, C. and Zhou, J.},
  title   = {{Scaling Relationship on Learning Mathematical Reasoning with Large Language Models}},
  journal = {arXiv preprint arXiv:2308.01825v2},
  year    = {2023},
  url     = {https://arxiv.org/abs/2308.01825}
}

@article{li2024mugglemath2,
  author  = {Li, C. and Yuan, Z. and Yuan, H. and Dong, G. and Lu, K. and Wu, J. and Tan, C. and Wang, X. and Zhou, C.},
  title   = {{MuggleMath: Assessing the Impact of Query and Response Augmentation on Math Reasoning}},
  journal = {arXiv preprint arXiv:2310.05506},
  year    = {2024},
  note    = {Accepted to ACL 2024 Main Conference},
  url     = {https://doi.org/10.48550/arXiv.2310.05506}
}

@article{xin2024deepseekprover,
  author  = {Xin, H. and Ren, Z.Z. and Song, J. and Shao, Z. and Zhao, W. and Wang, H. and Liu, B. and Zhang, L. and Lu, X. and Du, Q. and Gao, W. and Zhu, Q. and Yang, D. and Gou, Z. and Wu, Z.F. and Luo, F. and Ruan, C.},
  title   = {{DeepSeek-Prover-V1.5: Harnessing Proof Assistant Feedback for Reinforcement Learning and Monte-Carlo Tree Search}},
  journal = {arXiv preprint arXiv:2408.08152},
  year    = {2024},
  url     = {https://github.com/deepseek-ai/DeepSeek-Prover-V1.5}
}
